%YAML 1.1
%TAG !u! tag:unity3d.com,2011:
--- !u!1 &181564
GameObject:
  m_ObjectHideFlags: 0
  m_PrefabParentObject: {fileID: 0}
  m_PrefabInternal: {fileID: 100100000}
  serializedVersion: 4
  m_Component:
  - 4: {fileID: 408202}
  - 114: {fileID: 11451252}
  - 114: {fileID: 11478572}
  m_Layer: 0
  m_Name: Game Controller
  m_TagString: Untagged
  m_Icon: {fileID: 0}
  m_NavMeshLayer: 0
  m_StaticEditorFlags: 0
  m_IsActive: 1
--- !u!4 &408202
Transform:
  m_ObjectHideFlags: 1
  m_PrefabParentObject: {fileID: 0}
  m_PrefabInternal: {fileID: 100100000}
  m_GameObject: {fileID: 181564}
  m_LocalRotation: {x: 0, y: 0, z: 0, w: 1}
  m_LocalPosition: {x: 0, y: 0, z: -0}
  m_LocalScale: {x: 1, y: 1, z: 1}
  m_Children: []
  m_Father: {fileID: 0}
  m_RootOrder: 0
--- !u!114 &11451252
MonoBehaviour:
  m_ObjectHideFlags: 1
  m_PrefabParentObject: {fileID: 0}
  m_PrefabInternal: {fileID: 100100000}
  m_GameObject: {fileID: 181564}
  m_Enabled: 1
  m_EditorHideFlags: 0
  m_Script: {fileID: 11500000, guid: ca438b43e1577914eafbcccf2bc05582, type: 3}
  m_Name: 
  m_EditorClassIdentifier: 
  isPlayerTurn: 0
  areEnemiesMoving: 0
  playerCurrentHealth: 50
  gameOverSound: {fileID: 8300000, guid: 8e81be9e29b6d6b4cbf2ebdc49bd64ed, type: 3}
--- !u!114 &11478572
MonoBehaviour:
  m_ObjectHideFlags: 1
  m_PrefabParentObject: {fileID: 0}
  m_PrefabInternal: {fileID: 100100000}
  m_GameObject: {fileID: 181564}
  m_Enabled: 1
  m_EditorHideFlags: 0
  m_Script: {fileID: 11500000, guid: 087b2cab4eaaa9244926b4c6df7d6851, type: 3}
  m_Name: 
  m_EditorClassIdentifier: 
  columns: 10
  rows: 10
  floor:
  - {fileID: 100430, guid: af5890b4387ec1d48a88fd8e37721be3, type: 2}
  outerWalls:
  - {fileID: 174028, guid: 555f956e7d978434faef4c48e53f49cf, type: 2}
  - {fileID: 190664, guid: 0c776ec811871c846b4fe3ad8068f8dc, type: 2}
  wallObstacles:
  - {fileID: 134080, guid: 2d388026378ce2e48bff3773fd32eb42, type: 2}
  - {fileID: 194208, guid: 084b15a931d1ae344b8ef7e63cc04980, type: 2}
  foodItems:
  - {fileID: 116484, guid: 5dc8eebc28fbdfc4cbbfdc47a71c8c1c, type: 2}
  - {fileID: 145816, guid: 3758cb35cbe233e4bbb8bd137a961a90, type: 2}
  - {fileID: 165160, guid: 678897169025c454e84d46eb087d3cd8, type: 2}
  enemies:
  - {fileID: 140960, guid: 8dc1408ffd855264fb89151ea16cc0e7, type: 2}
  - {fileID: 118074, guid: 7591da4ca7e72ee4c84854adaa65bdb0, type: 2}
  - {fileID: 113338, guid: 1a0860abeefac92409f6afb83ecbf347, type: 2}
  exit: {fileID: 112664, guid: 439d8eafc0202f54683197c4bfa3900e, type: 2}
--- !u!1001 &100100000
Prefab:
  m_ObjectHideFlags: 1
  serializedVersion: 2
  m_Modification:
    m_TransformParent: {fileID: 0}
    m_Modifications:
    - target: {fileID: 0}
      propertyPath: floor.Array.size
      value: 1
      objectReference: {fileID: 0}
    - target: {fileID: 0}
      propertyPath: enemies.Array.size
      value: 3
      objectReference: {fileID: 0}
    - target: {fileID: 0}
      propertyPath: foodItems.Array.size
      value: 3
      objectReference: {fileID: 0}
    - target: {fileID: 0}
      propertyPath: outerWalls.Array.size
      value: 2
      objectReference: {fileID: 0}
    - target: {fileID: 0}
      propertyPath: wallObstacles.Array.size
      value: 2
      objectReference: {fileID: 0}
    - target: {fileID: 0}
      propertyPath: columns
      value: 10
      objectReference: {fileID: 0}
    - target: {fileID: 0}
      propertyPath: rows
      value: 10
      objectReference: {fileID: 0}
    - target: {fileID: 0}
      propertyPath: floor
      value: 
      objectReference: {fileID: 146634, guid: a4057f729b4af64469086f7ef3566793, type: 2}
    - target: {fileID: 0}
      propertyPath: m_LocalPosition.x
      value: -1
      objectReference: {fileID: 0}
    - target: {fileID: 0}
      propertyPath: m_LocalPosition.y
      value: -1
      objectReference: {fileID: 0}
    - target: {fileID: 0}
      propertyPath: m_LocalPosition.z
      value: -0
      objectReference: {fileID: 0}
    - target: {fileID: 0}
      propertyPath: orthographic
      value: 1
      objectReference: {fileID: 0}
    - target: {fileID: 0}
      propertyPath: m_Depth
      value: -1
      objectReference: {fileID: 0}
    - target: {fileID: 0}
      propertyPath: floor.Array.data[0]
      value: 
      objectReference: {fileID: 0}
    - target: {fileID: 0}
      propertyPath: floor.Array.data[1]
      value: 
      objectReference: {fileID: 100430, guid: af5890b4387ec1d48a88fd8e37721be3, type: 2}
    - target: {fileID: 0}
      propertyPath: outerWalls.Array.data[0]
      value: 
      objectReference: {fileID: 134080, guid: 2d388026378ce2e48bff3773fd32eb42, type: 2}
    - target: {fileID: 0}
      propertyPath: outerWalls.Array.data[1]
      value: 
      objectReference: {fileID: 194208, guid: 084b15a931d1ae344b8ef7e63cc04980, type: 2}
    - target: {fileID: 0}
      propertyPath: outerWalls.Array.data[2]
      value: 
      objectReference: {fileID: 134080, guid: 2d388026378ce2e48bff3773fd32eb42, type: 2}
    - target: {fileID: 0}
      propertyPath: outerWalls.Array.data[3]
      value: 
      objectReference: {fileID: 194208, guid: 084b15a931d1ae344b8ef7e63cc04980, type: 2}
    - target: {fileID: 0}
      propertyPath: exit
      value: 
      objectReference: {fileID: 112664, guid: 439d8eafc0202f54683197c4bfa3900e, type: 2}
    - target: {fileID: 0}
      propertyPath: enemies.Array.data[2]
      value: 
      objectReference: {fileID: 113338, guid: 1a0860abeefac92409f6afb83ecbf347, type: 2}
    - target: {fileID: 0}
      propertyPath: enemies.Array.data[0]
      value: 
      objectReference: {fileID: 140960, guid: 8dc1408ffd855264fb89151ea16cc0e7, type: 2}
    - target: {fileID: 0}
      propertyPath: enemies.Array.data[1]
      value: 
      objectReference: {fileID: 118074, guid: 7591da4ca7e72ee4c84854adaa65bdb0, type: 2}
    - target: {fileID: 0}
      propertyPath: foodItems.Array.data[2]
      value: 
      objectReference: {fileID: 165160, guid: 678897169025c454e84d46eb087d3cd8, type: 2}
    - target: {fileID: 0}
      propertyPath: gameOverSound
      value: 
      objectReference: {fileID: 8300000, guid: 8e81be9e29b6d6b4cbf2ebdc49bd64ed, type: 3}
    m_RemovedComponents: []
  m_ParentPrefab: {fileID: 0}
  m_RootGameObject: {fileID: 181564}
  m_IsPrefabParent: 1
